
   <record>
      <leader>00000nz  a2200000nc 4500</leader>
      <controlfield tag="001">institutions/30004691</controlfield>
      <controlfield tag="003">DE-633</controlfield>
      <controlfield tag="005">20250620052032.0</controlfield>
      <controlfield tag="008">161109||||z|||a|||||||||||||||||n||||||d</controlfield>
      <datafield tag="024" ind1="7" ind2=" ">
         <subfield code="a">148127403</subfield>
         <subfield code="2">VIAF</subfield>
      </datafield>
      <datafield tag="024" ind1="7" ind2=" ">
         <subfield code="a">LV-Rg</subfield>
         <subfield code="q">siglum</subfield>
         <subfield code="2">rism</subfield>
      </datafield>
      <datafield tag="034" ind1="1" ind2=" ">
         <subfield code="d">24.096631</subfield>
         <subfield code="f">56.941019</subfield>
      </datafield>
      <datafield tag="040" ind1=" " ind2=" ">
         <subfield code="a">DE-633</subfield>
         <subfield code="c">DE-633</subfield>
         <subfield code="e">rismg</subfield>
      </datafield>
      <datafield tag="043" ind1=" " ind2=" ">
         <subfield code="c">XA-LV</subfield>
      </datafield>
      <datafield tag="110" ind1="1" ind2=" ">
         <subfield code="a">Latvijas Nacionālā bibliotēka</subfield>
         <subfield code="c">Rīga</subfield>
         <subfield code="g">LV-Rg</subfield>
      </datafield>
      <datafield tag="368" ind1=" " ind2=" ">
         <subfield code="a">Institution</subfield>
         <subfield code="a">Library</subfield>
      </datafield>
      <datafield tag="371" ind1=" " ind2=" ">
         <subfield code="a">Mūkusalas iela 3</subfield>
         <subfield code="b">Rīga</subfield>
         <subfield code="d">Latvia</subfield>
         <subfield code="e">1423</subfield>
         <subfield code="m">muzika@lnb.lv</subfield>
         <subfield code="u">http://www.lnb.lv/</subfield>
         <subfield code="z">tel: +371 / 67716064</subfield>
         <subfield code="z">fax: +371 / 67280851</subfield>
      </datafield>
      <datafield tag="410" ind1=" " ind2=" ">
         <subfield code="a">National Library of Latvija</subfield>
      </datafield>
      <datafield tag="410" ind1=" " ind2=" ">
         <subfield code="a">Gosudarstvennaja biblioteka im. V. Lacisa</subfield>
      </datafield>
      <datafield tag="551" ind1="1" ind2=" ">
         <subfield code="a">Rīga</subfield>
         <subfield code="0">places/3901297</subfield>
      </datafield>
      <datafield tag="667" ind1=" " ind2=" ">
         <subfield code="a">Published sources: 2</subfield>
      </datafield>
   </record>