
   <record>
      <leader>00000nz  a2200000nc 4500</leader>
      <controlfield tag="001">institutions/51000404</controlfield>
      <controlfield tag="003">DE-633</controlfield>
      <controlfield tag="005">20250620052237.0</controlfield>
      <controlfield tag="008">170809||||z|||a|||||||||||||||||n||||||d</controlfield>
      <datafield tag="024" ind1="7" ind2=" ">
         <subfield code="a">152765324</subfield>
         <subfield code="2">VIAF</subfield>
      </datafield>
      <datafield tag="024" ind1="7" ind2=" ">
         <subfield code="a">LV-Rlom</subfield>
         <subfield code="q">siglum</subfield>
         <subfield code="2">rism</subfield>
      </datafield>
      <datafield tag="034" ind1="1" ind2=" ">
         <subfield code="d">24.106470</subfield>
         <subfield code="f">56.947033</subfield>
      </datafield>
      <datafield tag="040" ind1=" " ind2=" ">
         <subfield code="a">DE-633</subfield>
         <subfield code="c">DE-633</subfield>
         <subfield code="e">rismg</subfield>
      </datafield>
      <datafield tag="043" ind1=" " ind2=" ">
         <subfield code="c">XA-LV</subfield>
      </datafield>
      <datafield tag="110" ind1="1" ind2=" ">
         <subfield code="a">Latvijas Okupācijas muzejs</subfield>
         <subfield code="c">Rīga</subfield>
         <subfield code="g">LV-Rlom</subfield>
      </datafield>
      <datafield tag="368" ind1=" " ind2=" ">
         <subfield code="a">Institution</subfield>
         <subfield code="a">Library</subfield>
         <subfield code="a">Other</subfield>
      </datafield>
      <datafield tag="371" ind1=" " ind2=" ">
         <subfield code="a">Raiņa bulvāris 7</subfield>
         <subfield code="b">Rīga</subfield>
         <subfield code="d">Latvia</subfield>
         <subfield code="e">1050</subfield>
         <subfield code="m">omf@latnet.lv</subfield>
         <subfield code="u">http://okupacijasmuzejs.lv/lv/</subfield>
         <subfield code="z">tel: +371 / 67 212 715</subfield>
         <subfield code="z">fax: +371 / 67 229 255</subfield>
      </datafield>
      <datafield tag="551" ind1="1" ind2=" ">
         <subfield code="a">Rīga</subfield>
         <subfield code="0">places/3901297</subfield>
      </datafield>
   </record>